@article{barreras2015metodo,
  title={El m{\'e}todo de Montecarlo},
  author={Barreras, MIguel},
  journal={Entorno Abierto},
  volume={6},
  pages={15--16},
  year={2015},
  publisher={Sociedad Aragonesa {\guillemotleft}Pedro S{\'a}nchez Ciruelo{\guillemotright} de Profesores de Matem{\'a}ticas}
}

@article{illana2013metodos,
  title={M{\'e}todos monte carlo},
  author={Illana, Jos{\'e} Ignacio},
  journal={Departamento de F{\'\i}sica Te{\'o}rica y del Cosmos, Universidad de Granada},
  volume={26},
  number={01},
  year={2013}
}